%! Author = mddzi
%! Date = 02.06.2024

@Misc{VLSI_insemi,
    title = {Exploring the Challenges of VLSI Design: Navigating Complexity for Success},
    howpublished = {\url{https://insemitech.com/blogs/exploring-the-challenges-of-vlsi-design-navigating-complexity-for-success/} (data dostępu: 16.10.2024)}
}

@article{MAGIC_article,
    author = {John {K. Ousterhout}, Gordon {T. Hamachi}, Robert {N. Mayo}, Walter {S. Scott} and George {S. Taylor}},
    title = {Magic: A VLSI Layout System},
    journal = {Computer Science Division, Department of Electrical Engineering and Computer Sciences,
        University of California, Berkeley},
    year = {1983},
}

@techreport{Ousterhout,
    Author= {Ousterhout, John K. and Hamachi, Gordon T. and Mayo, Robert N. and Scott, Walter S. and Taylor, George S.},
    Title= {A Collection of Papers on Magic},
    Year= {1983},
}

@Misc{VLSI,
    title = {Very-large-scale integration},
    howpublished = {\url{https://en.wikipedia.org/wiki/Very-large-scale_integration} (data dostępu: 2.05.2024)}
}

@Misc{MAGIC,
    title = {Magic VLSI},
    howpublished = {\url{http://www.opencircuitdesign.com/magic/} (data dostępu: 2.05.2024)}
}

@Misc{Microwind,
    title = {Microwind},
    howpublished = {\url{https://www.microwind.net} (data dostępu: 28.10.2024)}
}

@Misc{MAGIC_wiki,
    title = {Magic VLSI},
    howpublished = {\url{https://en.wikipedia.org/wiki/Magic_(software)} (data dostępu: 2.05.2024)}
}
